/home/matt/Dropbox/Documents/CWRU/Thesis/Library/library.bib